
@article{bilbiie2012endogenous,
  title={Endogenous entry, product variety, and business cycles},
  author={Bilbiie, Florin O and Ghironi, Fabio and Melitz, Marc J},
  journal={Journal of Political Economy},
  volume={120},
  number={2},
  pages={304--345},
  year={2012},
  publisher={University of Chicago Press Chicago, IL}
}

@article{king1999resuscitating,
  title={Resuscitating real business cycles},
  author={King, Robert G and Rebelo, Sergio T},
  journal={Handbook of macroeconomics},
  volume={1},
  pages={927--1007},
  year={1999},
  publisher={Elsevier}
}

@article{bilbiie2007monetary,
  title={Monetary policy and business cycles with endogenous entry and product variety [with comments and discussion]},
  author={Bilbiie, Florin O and Ghironi, Fabio and Melitz, Marc J and Midrigan, Virgiliu and Rotemberg, Julio J},
  journal={NBER Macroeconomics Annual},
  volume={22},
  pages={299--379},
  year={2007},
  publisher={University of Chicago Press}
}

@article{epifani2011trade,
  title={Trade, markup heterogeneity and misallocations},
  author={Epifani, Paolo and Gancia, Gino},
  journal={Journal of International Economics},
  volume={83},
  number={1},
  pages={1--13},
  year={2011},
  publisher={Elsevier}
}

@article{bergin2008extensive,
  title={The extensive margin and monetary policy},
  author={Bergin, Paul R and Corsetti, Giancarlo},
  journal={Journal of Monetary Economics},
  volume={55},
  number={7},
  pages={1222--1237},
  year={2008},
  publisher={Elsevier}
}

@article{bergin2015international,
  title={International competitiveness and monetary policy},
  author={Bergin, Paul R and Corsetti, Giancarlo},
  journal={Unpublished Manuscript},
  year={2015}
}

@article{etro2015new,
  title={New-Keynesian Phillips curve with Bertrand competition and endogenous entry},
  author={Etro, Federico and Rossi, Lorenza},
  journal={Journal of Economic Dynamics and Control},
  volume={51},
  pages={318--340},
  year={2015},
  publisher={Elsevier}
}

@article{sedlavcek2017growth,
  title={The growth potential of startups over the business cycle},
  author={Sedl{\'a}{\v{c}}ek, Petr and Sterk, Vincent},
  journal={American Economic Review},
  volume={107},
  number={10},
  pages={3182--3210},
  year={2017},
  publisher={American Economic Association 2014 Broadway, Suite 305, Nashville, TN 37203}
}

@article{ghironi2007trade,
  title={Trade flow dynamics with heterogeneous firms},
  author={Ghironi, Fabio and Melitz, Marc J},
  journal={American Economic Review},
  volume={97},
  number={2},
  pages={356--361},
  year={2007},
  publisher={American Economic Association}
}

@article{jaimovich2008firm,
  title={Firm dynamics, markup variations, and the business cycle},
  author={Jaimovich, Nir and Floetotto, Max},
  journal={Journal of monetary Economics},
  volume={55},
  number={7},
  pages={1238--1252},
  year={2008},
  publisher={Elsevier}
}

@article{bilbiie2014optimal,
  title={Optimal monetary policy with endogenous entry and product variety},
  author={Bilbiie, Florin O and Fujiwara, Ippei and Ghironi, Fabio},
  journal={Journal of Monetary Economics},
  volume={64},
  pages={1--20},
  year={2014},
  publisher={Elsevier}
}

@article{lewis2012firm,
  title={Firm entry, markups and the monetary transmission mechanism},
  author={Lewis, Vivien and Poilly, C{\'e}line},
  journal={Journal of Monetary Economics},
  volume={59},
  number={7},
  pages={670--685},
  year={2012},
  publisher={Elsevier}
}

@article{clementi2016entry,
  title={Entry, exit, firm dynamics, and aggregate fluctuations},
  author={Clementi, Gian Luca and Palazzo, Berardino},
  journal={American Economic Journal: Macroeconomics},
  volume={8},
  number={3},
  pages={1--41},
  year={2016},
  publisher={American Economic Association 2014 Broadway, Suite 305, Nashville, TN 37203-2425}
}

@article{samaniego2008entry,
  title={Entry, exit and business cycles in a general equilibrium model},
  author={Samaniego, Roberto M},
  journal={Review of Economic Dynamics},
  volume={11},
  number={3},
  pages={529--541},
  year={2008},
  publisher={Elsevier}
}

@article{smirnyagin2023returns,
  title={Returns to scale, firm entry, and the business cycle},
  author={Smirnyagin, Vladimir},
  journal={Journal of Monetary Economics},
  volume={134},
  pages={118--134},
  year={2023},
  publisher={Elsevier}
}

@article{comin2006medium,
  title={Medium-term business cycles},
  author={Comin, Diego and Gertler, Mark},
  journal={American Economic Review},
  volume={96},
  number={3},
  pages={523--551},
  year={2006},
  publisher={American Economic Association}
}

@article{anzoategui2019endogenous,
  title={Endogenous technology adoption and R\&D as sources of business cycle persistence},
  author={Anzoategui, Diego and Comin, Diego and Gertler, Mark and Martinez, Joseba},
  journal={American Economic Journal: Macroeconomics},
  volume={11},
  number={3},
  pages={67--110},
  year={2019},
  publisher={American Economic Association 2014 Broadway, Suite 305, Nashville, TN 37203-2425}
}